@preamble{ "\newcommand{\noopsort}[1]{} "
	# "\newcommand{\printfirst}[2]{#1} "
	# "\newcommand{\singleletter}[1]{#1} "
	# "\newcommand{\switchargs}[2]{#2#1} " }

@article{DBLP:journals/corr/MikolovSCCD13,
  author    = {Tomas Mikolov and
               Ilya Sutskever and
               Kai Chen and
               Greg Corrado and
               Jeffrey Dean},
  title     = {Distributed Representations of Words and Phrases and their Compositionality},
  journal   = {CoRR},
  volume    = {abs/1310.4546},
  year      = {2013},
  url       = {http://arxiv.org/abs/1310.4546},
  timestamp = {Thu, 07 May 2015 20:02:01 +0200},
  biburl    = {http://dblp.uni-trier.de/rec/bib/journals/corr/MikolovSCCD13},
  bibsource = {dblp computer science bibliography, http://dblp.org}
}

@INPROCEEDINGS{Sahlgren05anintroduction,
    author = {Magnus Sahlgren},
    title = {An introduction to random indexing},
    booktitle = {In Methods and Applications of Semantic Indexing Workshop at the 7th International Conference on Terminology and Knowledge Engineering, TKE 2005},
    year = {2005}
}

@MISC{Luong_betterword,
    author = {Minh-thang Luong and Richard Socher and Christopher D. Manning},
    title = {Better Word Representations with Recursive Neural Networks for Morphology},
    year = {}
}

@inproceedings{DBLP:conf/icml/LeM14,
  author    = {Quoc V. Le and
               Tomas Mikolov},
  title     = {Distributed Representations of Sentences and Documents},
  booktitle = {Proceedings of the 31th International Conference on Machine Learning,
               {ICML} 2014, Beijing, China, 21-26 June 2014},
  pages     = {1188--1196},
  year      = {2014},
  url       = {http://jmlr.org/proceedings/papers/v32/le14.html},
  timestamp = {Fri, 07 Nov 2014 20:42:30 +0100},
  biburl    = {http://dblp.uni-trier.de/rec/bib/conf/icml/LeM14},
  bibsource = {dblp computer science bibliography, http://dblp.org}
}

@inproceedings{wiemer2004latent,
  title={Latent semantic analysis},
  author={Wiemer-Hastings, Peter and Wiemer-Hastings, K and Graesser, A},
  booktitle={Proceedings of the 16th international joint conference on Artificial intelligence},
  pages={1--14},
  year={2004},
  organization={Citeseer}
}

%backprop
@article{rumelhart1986david,
  title={Learning internal representations by error propagation},
  author={Rumelhart, DE},
  journal={Nature},
  volume={323},
  pages={533--536},
  year={1986}
}

%gradient descent
@incollection{bottou-bousquet-2008,
  author = {Bottou, L\'{e}on and Bousquet, Olivier},
  title = {The Tradeoffs of Large Scale Learning},
  booktitle = {Advances in Neural Information Processing Systems},
  pages = {161--168},
  publisher = {NIPS Foundation (http://books.nips.cc)},
  year = {2008},
  editor = {Platt, J.C. and Koller, D. and Singer, Y. and Roweis, S.},
  volume = {20},
  url = {http://leon.bottou.org/papers/bottou-bousquet-2008}
}

@article{rong2014word2vec,
  title={word2vec parameter learning explained},
  author={Rong, Xin},
  journal={arXiv preprint arXiv:1411.2738},
  year={2014}
}

%Softmax funkcia
@book{Goodfellow-et-al-2016,
    title={Deep Learning},
    author={Ian Goodfellow and Yoshua Bengio and Aaron Courville},
    publisher={MIT Press},
    note={\url{http://www.deeplearningbook.org}},
    year={2016}
}


@article{Rubenstein:1965:CCS:365628.365657,
 author = {Rubenstein, Herbert and Goodenough, John B.},
 title = {Contextual Correlates of Synonymy},
 journal = {Commun. ACM},
 issue_date = {Oct. 1965},
 volume = {8},
 number = {10},
 month = oct,
 year = {1965},
 issn = {0001-0782},
 pages = {627--633},
 numpages = {7},
 url = {http://doi.acm.org/10.1145/365628.365657},
 doi = {10.1145/365628.365657},
 acmid = {365657},
 publisher = {ACM},
 address = {New York, NY, USA},
}

% explainability
@inproceedings{ribeiro2016should,
  title={Why Should I Trust You?: Explaining the Predictions of Any Classifier},
  author={Ribeiro, Marco Tulio and Singh, Sameer and Guestrin, Carlos},
  booktitle={Proceedings of the 22nd ACM SIGKDD International Conference on Knowledge Discovery and Data Mining},
  pages={1135--1144},
  year={2016},
  organization={ACM}
}

%glove
@inproceedings{pennington2014glove,
  author = {Jeffrey Pennington and Richard Socher and Christopher D. Manning},
  booktitle = {Empirical Methods in Natural Language Processing (EMNLP)},
  title = {GloVe: Global Vectors for Word Representation},
  year = {2014},
  pages = {1532--1543},
  url = {http://www.aclweb.org/anthology/D14-1162},
}
